<record><leader>00000cas a22000007a 4500</leader><controlfield tag="001">11901386</controlfield><controlfield tag="008">850410d1844184uohudn ne      0    0eng d</controlfield><controlfield tag="009">3768</controlfield><datafield ind1=" " ind2=" " tag="010"><subfield code="a">sn 85025777 </subfield></datafield><datafield ind1=" " ind2=" " tag="040"><subfield code="a">NPX</subfield><subfield code="b">eng</subfield><subfield code="c">NPX</subfield><subfield code="d">DLC</subfield><subfield code="d">OCL</subfield><subfield code="d">NPU</subfield><subfield code="d">ONP</subfield><subfield code="d">OCLCQ</subfield></datafield><datafield ind1=" " ind2=" " tag="019"><subfield code="a">11991574</subfield></datafield><datafield ind1="1" ind2=" " tag="029"><subfield code="a">AU@</subfield><subfield code="b">000025823575</subfield></datafield><datafield ind1=" " ind2=" " tag="042"><subfield code="a">msc</subfield></datafield><datafield ind1="0" ind2="0" tag="050"><subfield code="a">Newspaper 9214-X</subfield></datafield><datafield ind1="0" ind2=" " tag="130"><subfield code="a">Daily morning Atlas (Cincinnati, Ohio : 1844)</subfield></datafield><datafield ind1="0" ind2="0" tag="245"><subfield code="a">Daily morning Atlas.</subfield></datafield><datafield ind1=" " ind2=" " tag="260"><subfield code="a">Cincinnati, [Ohio] :</subfield><subfield code="b">N. Guilford &amp; J.B Russell,</subfield><subfield code="c">1844-</subfield></datafield><datafield ind1=" " ind2=" " tag="300"><subfield code="a">v. :</subfield><subfield code="b">ill. (chiefly advertisements) ;</subfield><subfield code="c">67 cm.</subfield></datafield><datafield ind1=" " ind2=" " tag="310"><subfield code="a">Daily (except Sun.)</subfield></datafield><datafield ind1="0" ind2=" " tag="362"><subfield code="a">Vol. 1, no. 155 (May 6, 1844)-</subfield></datafield><datafield ind1=" " ind2=" " tag="500"><subfield code="a">"Morning" appears in title ornament.</subfield></datafield><datafield ind1=" " ind2=" " tag="500"><subfield code="a">Editors: N. Guilford, J.B. Russell, &lt;1844&gt;.</subfield></datafield><datafield ind1=" " ind2=" " tag="500"><subfield code="a">Published a triweekly ed. (title unknown).</subfield></datafield><datafield ind1=" " ind2=" " tag="752"><subfield code="a">United States</subfield><subfield code="b">Ohio</subfield><subfield code="c">Hamilton</subfield><subfield code="d">Cincinnati.</subfield></datafield><datafield ind1="0" ind2=" " tag="775"><subfield code="t">Weekly Atlas (Cincinnati, Ohio)</subfield><subfield code="w">(DLC)sn 85025776</subfield></datafield><datafield ind1="0" ind2="0" tag="780"><subfield code="t">Daily Cincinnati Atlas (Cincinnati, Ohio : 1843)</subfield><subfield code="w">(DLC)sn 84042276</subfield></datafield><datafield ind1="0" ind2="0" tag="785"><subfield code="t">Cincinnati daily Atlas (Cincinnati, Ohio : 1847)</subfield><subfield code="w">(DLC)sn 85025778</subfield></datafield></record>